@String{ijnmf =  "Intl.\ J. Num.\ Meth.\ Fluids"}

@String{ijnme =  "Intl.\ J. Num.\ Meth.\ Engrg."}

@String{ijhsc =  "Intl.\ J. High Speed Computing"}

@String{ijcm =   "Intl.\ J. Comput.\ Math."}

@String{jcam =   "J. Comput.\ Appl.\ Math."}

@String{jcp =    "J. Comput.\ Phys."}

@String{mathcomp = "Math.\ Comp."}

@String{nummath = "Numer.\ Math."}

@String{sisc =   "{SIAM} J. Sci.\ Comput."}

@String{sissc =  "{SIAM} J. Sci.\ Statist.\ Comput."}

@String{sinum =  "{SIAM} J. Numer.\ Anal."}

@String{simax =  "{SIAM} J. Matrix Anal.\ Appl."}

@String{nlaa =   "Num.\ Lin.\ Alg.\ Appl."}

@String{laa =    "Lin.\ Alg.\ Appl."}

@String{toms =   "ACM Trans.\ Math.\ Softw."}

@article{Chow:1999:APS,
  author =       "E. Chow",
  title =        "A Priori Sparsity Patterns for Parallel Sparse Approximate
                 Inverse Preconditioners",
  journal = sisc,
  year = "to appear",
}

@InCollection{chow-cleary-falgout,
  author =       "E. Chow and A. Cleary and R. Falgout",
  title =        "Design of the HYPRE Preconditioner Library",
  booktitle =    "Object Oriented Methods for Interoperable Scientific and
                        Engineering Computing",
  editor =       "M. E. Henderson and C. R. Anderson and S. L. Lyons",
  publisher =    "SIAM",
  address =      "Philadelphia, PA",
  year =         "1999",
}

@Article{ilut,
  author =       "Y. Saad",
  title =        "{ILUT}: {A} dual threshold incomplete {LU}
                 factorization",
  journal =      nlaa,
  year =         "1994",
  volume =       "1",
  pages =        "387--402",
}

@Book{Saad-book2,
  author =       "Yousef Saad",
  title =        "Iterative Methods for Sparse Linear Systems",
  publisher =    "PWS Publishing Co.",
  address =      "Boston, MA",
  year =         "1996",
}

@TechReport{FEI-ref,
  title =        "An annotated reference guide to the Finite Element Interface
		  (FEI) Specification, Version 1.0",
  author =       "R. L. Clay et al.",
  institution =  "Sandia National Laboratories",
  address =      "Livermore, CA",
  number =       "SAND99-8229",
  year =         "1999",
}

